@incollection{Babaoglu,
 author = {Babao\u{g}lu, \"{O}zalp and Marzullo, Keith},
 chapter = {Consistent Global States of Distributed Systems: Fundamental Concepts and Mechanisms},
 title = {Distributed Systems (2Nd Ed.)},
 editor = {Mullender, Sape},
 year = {1993},
 isbn = {0-201-62427-3},
 pages = {55--96},
 numpages = {42},
 url = {http://dl.acm.org/citation.cfm?id=302430.302434},
 acmid = {302434},
 publisher = {ACM Press/Addison-Wesley Publishing Co.},
 address = {New York, NY, USA},
}
